@book{kelleher2020fundamentals,
  author    = {Kelleher, John D. and Mac Namee, Brian and D'Arcy, Aoife},
  title     = {Fundamentals of Machine Learning for Predictive Data Analytics: Algorithms, Worked Examples, and Case Studies},
  edition   = {Second},
  year      = {2020},
  publisher = {MIT Press},
  address   = {Cambridge, MA}
}

@article{breiman2001random,
  author  = {Breiman, Leo},
  title   = {Random Forests},
  journal = {Machine Learning},
  year    = {2001},
  volume  = {45},
  number  = {1},
  pages   = {5--32},
  doi     = {10.1023/A:1010933404324}
}

@article{wolpert1992stacked,
  author  = {Wolpert, David H.},
  title   = {Stacked Generalization},
  journal = {Neural Networks},
  year    = {1992},
  volume  = {5},
  number  = {2},
  pages   = {241--259},
  doi     = {10.1016/S0893-6080(05)80023-1}
}

@book{zhou2012ensemble,
  author    = {Zhou, Zhi-Hua},
  title     = {Ensemble Methods: Foundations and Algorithms},
  year      = {2012},
  publisher = {Chapman and Hall/CRC},
  address   = {Boca Raton, FL},
  series    = {Machine Learning \& Pattern Recognition}
}
